<record><leader>00000cas a22000007a 4500</leader><controlfield tag="001">14262948</controlfield><controlfield tag="008">860925d1uuu19uupauwr ne      0    0eng d</controlfield><datafield ind1=" " ind2=" " tag="010"><subfield code="a">sn 86083272 </subfield></datafield><datafield ind1=" " ind2=" " tag="040"><subfield code="a">NPH</subfield><subfield code="b">eng</subfield><subfield code="c">NPH</subfield><subfield code="d">OCLCQ</subfield></datafield><datafield ind1=" " ind2=" " tag="042"><subfield code="a">msc</subfield></datafield><datafield ind1="0" ind2="0" tag="245"><subfield code="a">Latrobe weekly advance.</subfield></datafield><datafield ind1="3" ind2="0" tag="246"><subfield code="a">Latrobe advance</subfield></datafield><datafield ind1=" " ind2=" " tag="260"><subfield code="a">Latrobe, Pa. :</subfield><subfield code="b">David J. Berry</subfield></datafield><datafield ind1=" " ind2=" " tag="300"><subfield code="a">v. :</subfield><subfield code="b">ill. ;</subfield><subfield code="c">54 cm.</subfield></datafield><datafield ind1=" " ind2=" " tag="310"><subfield code="a">Weekly</subfield></datafield><datafield ind1=" " ind2=" " tag="588"><subfield code="a">Description based on: Old vol. 31, no. 33 (May 18, 1904).</subfield></datafield><datafield ind1=" " ind2=" " tag="752"><subfield code="a">United States</subfield><subfield code="b">Pennsylvania</subfield><subfield code="c">Westmoreland</subfield><subfield code="d">Latrobe.</subfield></datafield><datafield ind1="0" ind2=" " tag="775"><subfield code="t">Latrobe daily advance</subfield><subfield code="w">(DLC)sn 86083275</subfield></datafield></record>